2430 4140
295 475 574 538 lusrAUuAuu
597 476 890 538 Auuuuulruu.

145 688 267 767 Purgari
281 689 374 748 scelus
387 691 561 760 humanum,
569 689 759 769 precibusque
772 691 882 754 recludi

145 836 284 896 Coelestes
297 837 414 907 iterum,
428 837 541 916 placato
555 838 698 909 Numine,
711 847 820 917 portus.

183 1131 240 1190 Ast
255 1131 312 1190 elio
325 1131 478 1211 imperium
495 1132 585 1192 flectit
598 1133 793 1194 moderamine
808 1134 947 1214 Princeps

143 1274 349 1355 Auspiciisque
362 1275 436 1346 uliis,
451 1275 524 1335 solio
537 1278 639 1356 procul
652 1279 728 1337 iuter
742 1299 867 1338 amoenas

144 1420 292 1500 Cecropiae
305 1419 428 1480 eductus
442 1421 546 1500 sylvas,
560 1423 737 1500 delubraque
750 1434 866 1495 terrea,

143 1568 218 1640 Quae
231 1569 340 1627 circum
353 1570 473 1629 heroum
487 1571 630 1650 spirantes
642 1591 782 1630 marmore
796 1571 896 1631 vultus

144 1713 289 1775 Phidiacus
304 1723 381 1772 stant
395 1725 581 1786 arcemanus,
596 1725 784 1794 veterumque
798 1716 926 1776 virorum

144 1858 205 1930 Qui
219 1877 264 1916 res
278 1877 394 1918 arcanas
407 1858 557 1919 hominum
570 1859 704 1920 mirantia
718 1861 810 1932 secla,

143 2005 205 2076 Qui
218 2004 285 2062 coeli
299 2005 422 2066 docuere
435 2006 505 2076 vius,
520 2017 550 2066 ct
564 2027 637 2066 ccccc
650 2008 755 2078 futuri,

144 2151 185 2210 Et
199 2152 269 2218 fata,
285 2161 315 2210 ct
329 2135 407 2230 leges
420 2151 529 2230 populo
542 2153 708 2231 explicuere
722 2153 863 2216 Deorum.

143 2295 225 2367 Quid
237 2294 353 2365 mirum,
368 2293 392 2353 si
405 2304 450 2354 tot
463 2295 550 2374 prisci
564 2295 685 2374 vestigia
699 2295 805 2366 cuitus,

145 2441 176 2499 Si
191 2439 311 2498 delubra
321 2438 429 2506 Deum,
443 2438 467 2496 si
481 2439 555 2498 ritus
568 2460 674 2518 pompa
687 2441 806 2532 uetusti,

145 2589 188 2648 Te
201 2608 334 2667 puerum,
349 2599 455 2648 tenere
468 2589 561 2668 primo
572 2589 631 2666 jum
646 2589 715 2648 flore
725 2589 863 2666 juvente,

145 2733 335 2813 complerunt
348 2733 449 2794 ardore
460 2758 469 2804 ;
489 2744 519 2794 et
532 2746 659 2795 mentem
674 2735 736 2794 dire
746 2735 852 2814 cupido

146 2879 265 2949 Invasit,
280 2879 366 2938 simui
380 2900 412 2938 ac
426 2901 539 2959 regeres
553 2881 700 2940 Mavortia
715 2879 816 2938 Romre

147 3025 266 3105 Sceptra
278 3045 375 3097 manu,
391 3025 500 3086 Christi
513 3026 630 3104 penitus
644 3026 810 3086 subvertere
825 3036 904 3084 vasta

323 3215 451 3274 aGibbon,
463 3230 483 3264 c.
496 3215 598 3262 xxm.
609 3231 633 3276 p.
645 3214 699 3262 133.
711 3213 769 3262 oxf.
780 3214 816 3261 er.

564 3347 584 3384 A
597 3327 616 3386 3

1013 481 1031 538 5
