2430 4140
154 469 174 528 4
280 471 366 530 JUL.
388 471 478 532 IMP.
501 471 715 532 TEMPLUM
737 473 906 533 HIEROS.

157 683 324 753 Portabant,
339 686 446 764 priseos
460 686 636 745 celebrantes
649 688 773 746 carmine
786 688 870 754 ritus,

156 826 333 906 Gradivique
346 829 436 908 patris
449 829 567 900 laudes;
590 830 667 889 Idaea
681 830 805 888 silebant

157 972 315 1053 Tympana,
330 975 412 1052 queis
425 975 494 1032 olim
509 976 629 1055 Phrygii
643 975 810 1035 densissima
823 975 930 1034 montis

157 1122 275 1194 Umbra,
290 1135 320 1183 et
333 1125 460 1204 pinifero
471 1126 627 1185 reboabant
641 1125 788 1205 Dindyma
802 1123 888 1194 saltu,

157 1269 232 1328 Cum
247 1271 356 1342 Gallos,
370 1272 472 1331 tacitas
485 1273 571 1330 Luna
584 1272 726 1331 lustrante
739 1272 881 1341 tenebras,

156 1418 351 1498 complevisse
364 1421 463 1480 ferunt
476 1421 569 1499 longis
583 1421 742 1481 ululatibus
756 1420 864 1501 amplas

154 1565 307 1646 Sylvarum
321 1569 462 1647 ambages,
477 1587 670 1648 concussaque
683 1569 812 1649 cymbala
825 1567 888 1626 diro

156 1713 214 1772 Per
223 1714 304 1792 juga,
318 1735 370 1795 per
383 1735 497 1774 resonas
511 1717 635 1796 strepitu
648 1717 807 1795 geminasse
820 1733 963 1773 cavernas.

157 1858 217 1918 Sed
228 1879 310 1918 mens
322 1859 460 1938 religione
474 1879 558 1932 nova,
571 1861 747 1939 melioreque
760 1859 873 1918 flamma

155 2005 293 2076 Accensa,
307 2005 440 2064 infandos
453 2005 537 2076 ritus,
551 2017 739 2084 veterumque
753 2005 883 2064 Deorum

157 2151 312 2212 Solennem
326 2173 469 2233 pompam,
483 2164 515 2214 et
528 2173 616 2213 vanos
629 2154 782 2233 spernebat
795 2153 929 2210 bonores.

157 2301 262 2359 Purior
275 2301 440 2380 oblatasque
454 2321 563 2381 preces,
577 2313 607 2362 et
621 2311 718 2361 sancta
729 2301 849 2378 jubebat

157 2446 233 2505 Vota
246 2446 316 2506 fides
330 2447 431 2507 afferre
445 2448 519 2518 Deo,
534 2469 592 2507 non
607 2447 745 2525 sanguine
758 2447 833 2512 fuso,

156 2593 189 2651 N
189 2615 227 2652 on
241 2606 335 2655 statua
348 2597 440 2656 niveis
453 2597 586 2656 redimita
600 2607 729 2676 tempora
743 2595 834 2664 vittis,

157 2742 216 2802 Sed
228 2743 381 2824 lachryme,
397 2745 524 2824 impuros
537 2745 625 2802 animi
638 2752 780 2823 purgante
792 2755 928 2808 recessus

158 2892 331 2970 Secretaque
345 2893 401 2951 lide
409 2915 418 2962 ,·
439 2891 622 2950 commissum
636 2889 748 2948 conscia
761 2890 862 2966 lugent

157 3041 251 3099 Corda
264 3042 354 3112 nefas,
369 3041 541 3119 dignamque
554 3040 636 3109 iram,
651 3057 806 3117 poenasque
820 3036 949 3092 fatentur

158 3189 277 3248 Offenso
290 3190 428 3249 meruisse
441 3190 524 3260 De03
546 3187 597 3247 sed
610 3185 748 3264 sauguine
762 3183 871 3242 Christi
