2430 4140
200 455 221 514 8
329 456 415 515 JUL.
438 457 527 515 IMP.
549 457 763 518 TEMPLUM
785 457 955 518 multos.

243 670 317 740 Quae
328 679 391 726 tum
406 669 518 729 divitiae
531 669 611 748 regio
624 670 754 730 conferre
766 681 879 730 recusat

204 819 300 878 Tanto
313 819 415 896 operi?
435 829 589 900 properant
602 839 654 900 per
667 819 771 879 cerula
783 819 850 878 luta
863 819 966 878 uarinae

201 967 370 1044 Aurumque
382 968 550 1046 argentique
564 967 660 1038 decus,
673 968 799 1047 pretiosa
812 969 938 1027 ferentes

203 1114 288 1172 Dona
301 1112 380 1172 Asin
391 1137 401 1184 3
423 1113 515 1174 Purioe
528 1114 679 1173 candentia
691 1135 832 1173 marmora
845 1135 942 1191 rupes,

202 1257 409 1336 Cedriferoque
421 1279 487 1318 sues
499 1259 628 1318 Libanus
642 1260 678 1319 de
691 1259 796 1318 vertice
809 1260 912 1340 sylvus,

202 1407 245 1465 Et
258 1427 310 1465 sua
324 1407 449 1466 Getulua
461 1408 632 1468 transmittit
645 1409 771 1466 eburnea
783 1427 901 1486 campus

202 1552 348 1622 Muneru;
368 1573 422 1612 nec
436 1554 517 1612 Graii
530 1554 663 1625 artifices,
677 1553 808 1630 fabrique
820 1561 970 1612 morantur

203 1699 261 1758 Per
270 1719 349 1758 mare
362 1700 542 1778 longinquas,
557 1701 630 1760 duce
644 1712 684 1771 te,
699 1699 872 1758 contendere
882 1698 919 1757 ad
928 1667 1004 1767 urus,

201 1846 341 1916 Artifices,
357 1847 434 1906 docti
447 1847 549 1906 nitidis
561 1858 672 1908 struere
682 1856 750 1925 apta
763 1845 902 1904 uolumnis

201 1995 291 2052 Tecta
303 2013 400 2064 mauu,
415 1993 559 2072 mirusque
572 1995 637 2054 rudi
652 1995 688 2052 de
701 2013 840 2052 marmore
854 1992 963 2061 vultus,

199 2141 274 2200 Arte
288 2141 469 2212 Promethea,
483 2153 514 2201 et
527 2143 613 2214 vives!
619 2143 754 2220 effingere
767 2142 881 2200 formae.

237 2436 257 2493 J
260 2435 334 2494 udoei
347 2437 467 2507 interea,
480 2437 553 2497 mira
566 2435 720 2495 dulcedine
732 2441 844 2491 mentes

196 2583 350 2652 Commod,
365 2583 427 2641 loca
441 2592 511 2641 nota
523 2591 638 2660 petunt,
654 2579 838 2656 dispersaeque
851 2575 910 2633 late

195 2729 357 2808 Explorare
371 2749 429 2787 suae
443 2727 571 2806 gaudent
584 2723 706 2801 vestigia
719 2720 821 2799 gentis.

193 2877 265 2934 Pars
279 2873 345 2932 loeta
353 2875 517 2935 escendunt
530 2872 622 2932 saneti
632 2871 705 2948 juga
718 2887 829 2926 summa
843 2865 948 2934 Sionis,

192 3021 234 3078 Et
248 3018 352 3078 vallem
367 3019 519 3089 Hinnomi,
534 3018 636 3097 procul
649 3026 680 3075 et
694 3011 856 3091 stagnantia
869 3023 1012 3070 cernuntc

331 3200 344 3228 θ
356 3189 454 3240 Oerne'u
465 3189 560 3238 letters
570 3187 632 3236 from
643 3183 686 3234 the
697 3181 764 3230 Επεὶ.
782 3179 864 3228 letter
875 3177 931 3224 XV.
