2430 4140
193 479 212 536 6
320 475 754 536 JUL.1MP.TEMPLUM
777 475 948 536 HIEROS.

194 688 282 748 Clade
297 688 392 759 fidem,
407 700 441 747 ut
455 709 563 757 rursus,
574 689 677 748 mediis
691 699 792 748 exorta
805 689 908 759 ruinis,

195 835 320 893 Firmior
333 836 459 912 antiquis
473 835 563 894 saeclia
577 845 711 894 venerata
725 835 835 914 vigeret

195 983 319 1062 Religio,
331 995 360 1044 et
374 995 469 1044 totum
482 983 628 1042 cohiberet
641 983 754 1062 legibus
767 985 888 1042 orbem?

194 1129 226 1188 N
227 1150 259 1188 ec
273 1151 371 1202 mora;
393 1131 442 1188 vix
457 1130 529 1188 adiit
541 1131 642 1188 mortis
657 1132 844 1190 Constantius
858 1133 985 1201 umbrae,

194 1275 275 1335 Ante
288 1276 456 1355 triumphali
470 1295 555 1352 quam
569 1274 694 1332 carmine
706 1274 797 1332 millia
810 1272 942 1334 Divumb

194 1423 317 1502 Templa
329 1433 449 1502 pateut;
471 1421 565 1480 deusoe
579 1421 723 1496 stipantur
737 1419 836 1479 limine
850 1422 952 1479 turbae.

193 1568 385 1626 Thuricremis
398 1567 504 1626 iterum
519 1567 631 1624 fumant
645 1565 745 1624 altaria
760 1566 880 1624 flammis

194 1715 280 1773 Sacra
294 1713 372 1782 Jovi,
388 1712 589 1788 Veneremque
602 1711 707 1770 iterum
721 1713 825 1770 vittata
839 1712 971 1772 sacerdos

195 1859 323 1927 Invocat,
338 1867 509 1934 exercetque
523 1857 634 1922 choros,
649 1857 762 1934 arisque
776 1857 878 1916 Diauae

194 1999 322 2080 Imponit
333 2021 428 2072 caesar,
442 2009 573 2058 veterum
588 1999 624 2056 de
637 2019 726 2070 more,
737 2000 878 2060 bidentes.

233 2298 276 2357 At
290 2298 383 2375 majus
396 2307 493 2356 mente
507 2297 664 2376 inceptum,
680 2307 710 2356 et
723 2297 831 2373 majora
844 2297 970 2355 revolvis

194 2444 341 2514 Consilia,
363 2444 489 2502 infandis
503 2444 574 2502 adeo
588 2444 703 2502 vesania
716 2454 817 2523 pectus

194 2591 333 2670 Exagitet
347 2590 480 2660 stimulis,
495 2601 525 2648 et
540 2589 602 2648 dira
616 2590 647 2648 in
661 2590 781 2650 crimina
791 2589 892 2648 trudit.

195 2743 274 2800 Fana
288 2743 393 2800 iterum
408 2759 504 2818 speres
518 2739 710 2818 Soiymarum,
724 2739 876 2798 ethonore
890 2747 1008 2798 vetusto

193 2891 213 2949 J
215 2891 329 2948 udaicas
342 2907 472 2965 reparare
486 2888 579 2958 eedem
601 2899 634 2946 ut
649 2898 746 2946 sancta
759 2889 879 2964 profana

194 3038 268 3098 Arte
281 3048 366 3096 ruunt
377 3036 512 3117 praedicta
527 3036 593 3104 Dei,
609 3045 638 3093 et
652 3036 815 3094 minitantia
829 3037 922 3105 verba,

439 3219 570 3279 bffibbon,
581 3235 601 3266 c.
614 3217 716 3268 xxm.
734 3235 756 3282 p.
774 3220 825 3266 uo.
