<?xml version="1.0" encoding="UTF-8"?>
<!DOCTYPE html PUBLIC "-//W3C//DTD XHTML 1.0 Transitional//EN"
    "http://www.w3.org/TR/xhtml1/DTD/xhtml1-transitional.dtd">
<html xmlns="http://www.w3.org/1999/xhtml" xml:lang="en" lang="en">
 <head>
  <title>
</title>
<meta http-equiv="Content-Type" content="text/html;charset=utf-8" />
  <meta name='ocr-system' content='tesseract 3.04.00' />
  <meta name='ocr-capabilities' content='ocr_page ocr_carea ocr_par ocr_line ocrx_word'/>
</head>
<body>
  <div class='ocr_page' id='page_1' title='image "./julianusimperat00pricgoog_0014.png"; bbox 0 0 2430 4140; ppageno 0'>
   <div class='ocr_carea' id='block_1_1' title="bbox 292 477 885 542">
    <p class='ocr_par' dir='ltr' id='par_1_1' title="bbox 292 477 885 542">
     <span class='ocr_line' id='line_1_1' title="bbox 292 477 885 542; baseline 0 -4"><span class='ocrx_word' id='word_1_1' title='bbox 292 477 570 540; x_wconf 78' lang='lat' dir='ltr'><strong>INSTAURARE</strong></span> <span class='ocrx_word' id='word_1_2' title='bbox 591 478 885 542; x_wconf 78' lang='lat' dir='ltr'><strong>AGGREDI&#39;I&#39;UR.</strong></span> 
     </span>
    </p>
   </div>
   <div class='ocr_carea' id='block_1_2' title="bbox 145 691 953 1057">
    <p class='ocr_par' dir='ltr' id='par_1_2' title="bbox 145 691 953 1057">
     <span class='ocr_line' id='line_1_2' title="bbox 146 691 825 772; baseline 0.006 -21"><span class='ocrx_word' id='word_1_3' title='bbox 146 691 272 764; x_wconf 84' lang='lat' dir='ltr'><strong>Scilicet,</strong></span> <span class='ocrx_word' id='word_1_4' title='bbox 286 691 476 772; x_wconf 81' lang='lat' dir='ltr'>humanisque</span> <span class='ocrx_word' id='word_1_5' title='bbox 489 693 593 753; x_wconf 80' lang='lat' dir='ltr'><strong>cadunt</strong></span> <span class='ocrx_word' id='word_1_6' title='bbox 607 693 735 754; x_wconf 78' lang='lat' dir='ltr'><strong>eoeleetia</strong></span> <span class='ocrx_word' id='word_1_7' title='bbox 745 694 825 772; x_wconf 79' lang='lat' dir='ltr'><strong>jussa</strong></span> 
     </span>
     <span class='ocr_line' id='line_1_3' title="bbox 145 841 953 920; baseline 0.004 -22"><span class='ocrx_word' id='word_1_8' title='bbox 145 841 229 900; x_wconf 83' lang='lat' dir='ltr'><strong>Victa</strong></span> <span class='ocrx_word' id='word_1_9' title='bbox 243 841 337 912; x_wconf 84' lang='lat' dir='ltr'><strong>dolis3</strong></span> <span class='ocrx_word' id='word_1_10' title='bbox 358 843 433 901; x_wconf 82' lang='lat' dir='ltr'><strong>heu!</strong></span> <span class='ocrx_word' id='word_1_11' title='bbox 454 863 528 900; x_wconf 79' lang='lat' dir='ltr'><strong>rana</strong></span> <span class='ocrx_word' id='word_1_12' title='bbox 540 841 621 913; x_wconf 81' lang='lat' dir='ltr'><strong>fides,</strong></span> <span class='ocrx_word' id='word_1_13' title='bbox 636 843 717 920; x_wconf 78' lang='lat' dir='ltr'><strong>quasi</strong></span> <span class='ocrx_word' id='word_1_14' title='bbox 730 863 809 902; x_wconf 79' lang='lat' dir='ltr'><strong>sacra</strong></span> <span class='ocrx_word' id='word_1_15' title='bbox 818 842 953 903; x_wconf 77' lang='lat' dir='ltr'><strong>futiaaaut</strong></span> 
     </span>
     <span class='ocr_line' id='line_1_4' title="bbox 147 987 790 1057; baseline 0.003 -11"><span class='ocrx_word' id='word_1_16' title='bbox 147 987 295 1057; x_wconf 79' lang='lat' dir='ltr'><strong>Mandata,</strong></span> <span class='ocrx_word' id='word_1_17' title='bbox 309 997 340 1046; x_wconf 87' lang='lat' dir='ltr'><strong>et</strong></span> <span class='ocrx_word' id='word_1_18' title='bbox 354 987 437 1047; x_wconf 81' lang='lat' dir='ltr'><strong>cedat</strong></span> <span class='ocrx_word' id='word_1_19' title='bbox 449 987 565 1046; x_wconf 82' lang='lat' dir='ltr'><strong>m&#39;ortuli</strong></span> <span class='ocrx_word' id='word_1_20' title='bbox 578 988 625 1047; x_wconf 88' lang='lat' dir='ltr'><strong>dia</strong></span> <span class='ocrx_word' id='word_1_21' title='bbox 638 988 790 1048; x_wconf 81' lang='lat' dir='ltr'><strong>voluntas!</strong></span> 
     </span>
    </p>
   </div>
   <div class='ocr_carea' id='block_1_3' title="bbox 146 1278 957 2384">
    <p class='ocr_par' dir='ltr' id='par_1_3' title="bbox 186 1278 930 1360">
     <span class='ocr_line' id='line_1_5' title="bbox 186 1278 930 1360; baseline -0.003 -20"><span class='ocrx_word' id='word_1_22' title='bbox 186 1283 214 1340; x_wconf 95' lang='grc' dir='ltr'><strong>Ο</strong></span> <span class='ocrx_word' id='word_1_23' title='bbox 227 1291 337 1360; x_wconf 86' lang='lat' dir='ltr'><strong>quanta</strong></span> <span class='ocrx_word' id='word_1_24' title='bbox 349 1281 380 1338; x_wconf 86' lang='lat' dir='ltr'><strong>in</strong></span> <span class='ocrx_word' id='word_1_25' title='bbox 393 1280 519 1360; x_wconf 85' lang='lat' dir='ltr'><strong>patrium</strong></span> <span class='ocrx_word' id='word_1_26' title='bbox 529 1299 638 1350; x_wconf 79' lang='lat' dir='ltr'><strong>rursus,</strong></span> <span class='ocrx_word' id='word_1_27' title='bbox 652 1289 719 1358; x_wconf 81' lang='lat' dir='ltr'><strong>post</strong></span> <span class='ocrx_word' id='word_1_28' title='bbox 732 1278 835 1338; x_wconf 76' lang='lat' dir='ltr'><strong>saecula</strong></span> <span class='ocrx_word' id='word_1_29' title='bbox 844 1279 930 1358; x_wconf 86' lang='lat' dir='ltr'><strong>longa</strong></span> 
     </span>
    </p>

    <p class='ocr_par' dir='ltr' id='par_1_4' title="bbox 146 1426 849 1506">
     <span class='ocr_line' id='line_1_6' title="bbox 146 1426 849 1506; baseline -0.003 -18"><span class='ocrx_word' id='word_1_30' title='bbox 146 1429 265 1488; x_wconf 77' lang='lat' dir='ltr'><strong>Laetitia</strong></span> <span class='ocrx_word' id='word_1_31' title='bbox 270 1428 356 1506; x_wconf 82' lang='lat' dir='ltr'><strong>juvat</strong></span> <span class='ocrx_word' id='word_1_32' title='bbox 368 1428 414 1487; x_wconf 82' lang='lat' dir='ltr'><strong>ira</strong></span> <span class='ocrx_word' id='word_1_33' title='bbox 426 1429 518 1486; x_wconf 83' lang='lat' dir='ltr'><strong>solum</strong></span> <span class='ocrx_word' id='word_1_34' title='bbox 530 1453 539 1500; x_wconf 81' lang='lat'>3</span> <span class='ocrx_word' id='word_1_35' title='bbox 554 1435 620 1505; x_wconf 80' lang='lat' dir='ltr'><strong>&#39;quo</strong></span> <span class='ocrx_word' id='word_1_36' title='bbox 633 1427 732 1486; x_wconf 80' lang='lat' dir='ltr'><strong>littora</strong></span> <span class='ocrx_word' id='word_1_37' title='bbox 745 1426 849 1506; x_wconf 82' lang='lat' dir='ltr'><strong>plausu</strong></span> 
     </span>
    </p>

    <p class='ocr_par' dir='ltr' id='par_1_5' title="bbox 147 1572 850 1944">
     <span class='ocr_line' id='line_1_7' title="bbox 147 1572 850 1654; baseline -0.006 -20"><span class='ocrx_word' id='word_1_38' title='bbox 147 1576 166 1634; x_wconf 86' lang='lat' dir='ltr'>J</span> <span class='ocrx_word' id='word_1_39' title='bbox 168 1575 245 1635; x_wconf 86' lang='lat' dir='ltr'><strong>udaei</strong></span> <span class='ocrx_word' id='word_1_40' title='bbox 257 1583 404 1654; x_wconf 81' lang='lat' dir='ltr'><strong>repetunt,</strong></span> <span class='ocrx_word' id='word_1_41' title='bbox 419 1594 487 1652; x_wconf 90' lang='lat' dir='ltr'><strong>quo,</strong></span> <span class='ocrx_word' id='word_1_42' title='bbox 496 1585 527 1634; x_wconf 84' lang='lat' dir='ltr'><strong>te</strong></span> <span class='ocrx_word' id='word_1_43' title='bbox 539 1583 701 1643; x_wconf 67' lang='lat' dir='ltr'><strong>revocante,</strong></span> <span class='ocrx_word' id='word_1_44' title='bbox 711 1572 850 1632; x_wconf 89' lang='lat' dir='ltr'><strong>tumultu.</strong></span> 
     </span>
     <span class='ocr_line' id='line_1_8' title="bbox 149 1718 816 1796; baseline -0.003 -16"><span class='ocrx_word' id='word_1_45' title='bbox 149 1722 245 1780; x_wconf 78' lang='lat' dir='ltr'><strong>Suara</strong></span> <span class='ocrx_word' id='word_1_46' title='bbox 258 1730 312 1787; x_wconf 83' lang='lat' dir='ltr'><strong>eat,</strong></span> <span class='ocrx_word' id='word_1_47' title='bbox 327 1719 416 1779; x_wconf 83' lang='lat' dir='ltr'><strong>exilio</strong></span> <span class='ocrx_word' id='word_1_48' title='bbox 429 1719 454 1778; x_wconf 84' lang='lat' dir='ltr'><strong>ai</strong></span> <span class='ocrx_word' id='word_1_49' title='bbox 467 1719 541 1796; x_wconf 84' lang='lat' dir='ltr'><strong>quis,</strong></span> <span class='ocrx_word' id='word_1_50' title='bbox 556 1720 610 1779; x_wconf 87' lang='lat' dir='ltr'><strong>sub</strong></span> <span class='ocrx_word' id='word_1_51' title='bbox 623 1718 683 1778; x_wconf 84' lang='lat' dir='ltr'><strong>sole</strong></span> <span class='ocrx_word' id='word_1_52' title='bbox 696 1729 816 1790; x_wconf 80' lang='lat' dir='ltr'><strong>remoto,</strong></span> 
     </span>
     <span class='ocr_line' id='line_1_9' title="bbox 149 1865 807 1944; baseline 0 -18"><span class='ocrx_word' id='word_1_53' title='bbox 149 1865 319 1936; x_wconf 68' lang='lat' dir='ltr'><strong>Comenuit</strong></span> <span class='ocrx_word' id='word_1_54' title='bbox 333 1865 456 1944; x_wconf 75' lang='lat' dir='ltr'><strong>propria</strong></span> <span class='ocrx_word' id='word_1_55' title='bbox 470 1865 575 1924; x_wconf 77' lang='lat' dir='ltr'><strong>dilecta</strong></span> <span class='ocrx_word' id='word_1_56' title='bbox 587 1865 710 1924; x_wconf 80' lang='lat' dir='ltr'><strong>invisere</strong></span> <span class='ocrx_word' id='word_1_57' title='bbox 723 1875 807 1926; x_wconf 77' lang='lat' dir='ltr'><strong>terra</strong></span> 
     </span>
    </p>

    <p class='ocr_par' dir='ltr' id='par_1_6' title="bbox 149 2011 957 2384">
     <span class='ocr_line' id='line_1_10' title="bbox 149 2011 957 2091; baseline -0.002 -19"><span class='ocrx_word' id='word_1_58' title='bbox 149 2016 228 2072; x_wconf 85' lang='lat' dir='ltr'><strong>Arva</strong></span> <span class='ocrx_word' id='word_1_59' title='bbox 241 2015 366 2080; x_wconf 78' lang='lat' dir='ltr'><strong>iteruin3</strong></span> <span class='ocrx_word' id='word_1_60' title='bbox 387 2013 488 2090; x_wconf 79' lang='lat' dir='ltr'><strong>primae</strong></span> <span class='ocrx_word' id='word_1_61' title='bbox 501 2012 583 2090; x_wconf 85' lang='lat' dir='ltr'><strong>queis</strong></span> <span class='ocrx_word' id='word_1_62' title='bbox 596 2021 727 2091; x_wconf 83' lang='lat' dir='ltr'><strong>tempora</strong></span> <span class='ocrx_word' id='word_1_63' title='bbox 740 2021 821 2090; x_wconf 86' lang='lat' dir='ltr'><strong>grata</strong></span> <span class='ocrx_word' id='word_1_64' title='bbox 830 2011 957 2088; x_wconf 73' lang='lat' dir='ltr'><strong>juventa</strong></span> 
     </span>
     <span class='ocr_line' id='line_1_11' title="bbox 151 2157 839 2228; baseline -0.006 -8"><span class='ocrx_word' id='word_1_65' title='bbox 151 2161 214 2220; x_wconf 87' lang='lat' dir='ltr'><strong>Sub</strong></span> <span class='ocrx_word' id='word_1_66' title='bbox 227 2159 348 2220; x_wconf 84' lang='lat' dir='ltr'><strong>memori</strong></span> <span class='ocrx_word' id='word_1_67' title='bbox 361 2159 442 2217; x_wconf 83' lang='lat' dir='ltr'><strong>vivos</strong></span> <span class='ocrx_word' id='word_1_68' title='bbox 455 2157 598 2218; x_wconf 86' lang='lat' dir='ltr'><strong>inducunt</strong></span> <span class='ocrx_word' id='word_1_69' title='bbox 610 2167 707 2218; x_wconf 87' lang='lat' dir='ltr'><strong>mente</strong></span> <span class='ocrx_word' id='word_1_70' title='bbox 721 2157 839 2228; x_wconf 81' lang='lat' dir='ltr'><strong>colores,</strong></span> 
     </span>
     <span class='ocr_line' id='line_1_12' title="bbox 152 2303 851 2384; baseline -0.003 -21"><span class='ocrx_word' id='word_1_71' title='bbox 152 2305 306 2364; x_wconf 79' lang='lat' dir='ltr'><strong>Pulchrior</strong></span> <span class='ocrx_word' id='word_1_72' title='bbox 319 2315 349 2364; x_wconf 87' lang='lat' dir='ltr'><strong>et</strong></span> <span class='ocrx_word' id='word_1_73' title='bbox 363 2305 471 2384; x_wconf 78' lang='lat' dir='ltr'><strong>speeies</strong></span> <span class='ocrx_word' id='word_1_74' title='bbox 484 2324 560 2375; x_wconf 84' lang='lat' dir='ltr'><strong>vara,</strong></span> <span class='ocrx_word' id='word_1_75' title='bbox 574 2304 723 2381; x_wconf 85' lang='lat' dir='ltr'><strong>majorque</strong></span> <span class='ocrx_word' id='word_1_76' title='bbox 735 2303 851 2362; x_wconf 83' lang='lat' dir='ltr'><strong>videtur</strong></span> 
     </span>
    </p>
   </div>
   <div class='ocr_carea' id='block_1_4' title="bbox 152 2449 939 2529">
    <p class='ocr_par' dir='ltr' id='par_1_7' title="bbox 152 2449 939 2529">
     <span class='ocr_line' id='line_1_13' title="bbox 152 2449 939 2529; baseline -0.003 -19"><span class='ocrx_word' id='word_1_77' title='bbox 152 2451 312 2522; x_wconf 86' lang='lat' dir='ltr'><strong>Montium,</strong></span> <span class='ocrx_word' id='word_1_78' title='bbox 326 2460 355 2509; x_wconf 88' lang='lat' dir='ltr'><strong>et</strong></span> <span class='ocrx_word' id='word_1_79' title='bbox 370 2450 461 2510; x_wconf 77' lang='lat' dir='ltr'><strong>aeativi</strong></span> <span class='ocrx_word' id='word_1_80' title='bbox 474 2450 607 2518; x_wconf 80' lang='lat' dir='ltr'><strong>nemoris.</strong></span> <span class='ocrx_word' id='word_1_81' title='bbox 622 2449 781 2529; x_wconf 82' lang='lat' dir='ltr'><strong>campique,</strong></span> <span class='ocrx_word' id='word_1_82' title='bbox 795 2449 939 2527; x_wconf 80' lang='lat' dir='ltr'><strong>lacusque.</strong></span> 
     </span>
    </p>
   </div>
   <div class='ocr_carea' id='block_1_5' title="bbox 153 2595 873 2675">
    <p class='ocr_par' dir='ltr' id='par_1_8' title="bbox 153 2595 873 2675">
     <span class='ocr_line' id='line_1_14' title="bbox 153 2595 873 2675; baseline -0.006 -18"><span class='ocrx_word' id='word_1_83' title='bbox 153 2599 250 2657; x_wconf 84' lang='lat' dir='ltr'><strong>Suave</strong></span> <span class='ocrx_word' id='word_1_84' title='bbox 263 2597 360 2666; x_wconf 84' lang='lat' dir='ltr'><strong>etiam,-</strong></span> <span class='ocrx_word' id='word_1_85' title='bbox 375 2597 399 2656; x_wconf 84' lang='lat' dir='ltr'><strong>si</strong></span> <span class='ocrx_word' id='word_1_86' title='bbox 412 2597 487 2675; x_wconf 80' lang='lat' dir='ltr'><strong>quis,</strong></span> <span class='ocrx_word' id='word_1_87' title='bbox 501 2596 659 2675; x_wconf 84' lang='lat' dir='ltr'><strong>longinqua</strong></span> <span class='ocrx_word' id='word_1_88' title='bbox 670 2605 757 2654; x_wconf 87' lang='lat' dir='ltr'><strong>natus</strong></span> <span class='ocrx_word' id='word_1_89' title='bbox 770 2595 802 2654; x_wconf 90' lang='lat' dir='ltr'><strong>in</strong></span> <span class='ocrx_word' id='word_1_90' title='bbox 815 2615 873 2666; x_wconf 88' lang='lat' dir='ltr'><strong>ora,</strong></span> 
     </span>
    </p>
   </div>
   <div class='ocr_carea' id='block_1_6' title="bbox 153 2740 922 3113">
    <p class='ocr_par' dir='ltr' id='par_1_9' title="bbox 153 2740 922 3113">
     <span class='ocr_line' id='line_1_15' title="bbox 153 2740 830 2820; baseline -0.003 -19"><span class='ocrx_word' id='word_1_91' title='bbox 153 2743 282 2802; x_wconf 84' lang='lat' dir='ltr'><strong>Matrem</strong></span> <span class='ocrx_word' id='word_1_92' title='bbox 296 2741 391 2800; x_wconf 81' lang='lat' dir='ltr'><strong>infans</strong></span> <span class='ocrx_word' id='word_1_93' title='bbox 404 2741 473 2800; x_wconf 88' lang='lat' dir='ltr'><strong>olim</strong></span> <span class='ocrx_word' id='word_1_94' title='bbox 485 2740 622 2800; x_wconf 77' lang='lat' dir='ltr'><strong>miraerrla</strong></span> <span class='ocrx_word' id='word_1_95' title='bbox 635 2757 710 2820; x_wconf 72' lang='lat' dir='ltr'><strong>saepe</strong></span> <span class='ocrx_word' id='word_1_96' title='bbox 722 2740 830 2800; x_wconf 83' lang='lat' dir='ltr'><strong>referre</strong></span> 
     </span>
     <span class='ocr_line' id='line_1_16' title="bbox 154 2888 785 2960; baseline 0.002 -13"><span class='ocrx_word' id='word_1_97' title='bbox 154 2889 278 2960; x_wconf 83' lang='lat' dir='ltr'><strong>Audiit3</strong></span> <span class='ocrx_word' id='word_1_98' title='bbox 300 2901 345 2948; x_wconf 85' lang='lat' dir='ltr'><strong>aat</strong></span> <span class='ocrx_word' id='word_1_99' title='bbox 357 2889 401 2948; x_wconf 93' lang='lat' dir='ltr'><strong>illi</strong></span> <span class='ocrx_word' id='word_1_100' title='bbox 415 2889 510 2948; x_wconf 84' lang='lat' dir='ltr'><strong>media</strong></span> <span class='ocrx_word' id='word_1_101' title='bbox 523 2888 687 2948; x_wconf 77' lang='lat' dir='ltr'><strong>dulcissima</strong></span> <span class='ocrx_word' id='word_1_102' title='bbox 700 2899 785 2948; x_wconf 83' lang='lat' dir='ltr'><strong>nocte</strong></span> 
     </span>
     <span class='ocr_line' id='line_1_17' title="bbox 155 3033 922 3113; baseline 0 -19"><span class='ocrx_word' id='word_1_103' title='bbox 155 3035 274 3094; x_wconf 82' lang='lat' dir='ltr'><strong>Somnia</strong></span> <span class='ocrx_word' id='word_1_104' title='bbox 288 3035 394 3094; x_wconf 85' lang='lat' dir='ltr'><strong>versari</strong></span> <span class='ocrx_word' id='word_1_105' title='bbox 407 3045 474 3094; x_wconf 84' lang='lat' dir='ltr'><strong>aute</strong></span> <span class='ocrx_word' id='word_1_106' title='bbox 489 3033 596 3106; x_wconf 84' lang='lat' dir='ltr'><strong>oculos,</strong></span> <span class='ocrx_word' id='word_1_107' title='bbox 610 3035 797 3113; x_wconf 84' lang='lat' dir='ltr'><strong>mirandaque</strong></span> <span class='ocrx_word' id='word_1_108' title='bbox 811 3035 868 3098; x_wconf 82' lang='lat' dir='ltr'><strong>visa</strong></span> <span class='ocrx_word' id='word_1_109' title='bbox 878 3045 922 3096; x_wconf 86' lang='lat' dir='ltr'><strong>est</strong></span> 
     </span>
    </p>
   </div>
   <div class='ocr_carea' id='block_1_7' title="bbox 156 3180 819 3260">
    <p class='ocr_par' dir='ltr' id='par_1_10' title="bbox 156 3180 819 3260">
     <span class='ocr_line' id='line_1_18' title="bbox 156 3180 819 3260; baseline 0.006 -22"><span class='ocrx_word' id='word_1_110' title='bbox 156 3180 276 3260; x_wconf 81' lang='lat' dir='ltr'><strong>Effigies</strong></span> <span class='ocrx_word' id='word_1_111' title='bbox 289 3181 389 3258; x_wconf 77' lang='lat' dir='ltr'><strong>patriar</strong></span> <span class='ocrx_word' id='word_1_112' title='bbox 402 3183 521 3242; x_wconf 79' lang='lat' dir='ltr'><strong>miseros</strong></span> <span class='ocrx_word' id='word_1_113' title='bbox 533 3183 687 3242; x_wconf 82' lang='lat' dir='ltr'><strong>aoeandere</strong></span> <span class='ocrx_word' id='word_1_114' title='bbox 700 3201 819 3242; x_wconf 82' lang='lat' dir='ltr'><strong>amores.</strong></span> 
     </span>
    </p>
   </div>
   <div class='ocr_carea' id='block_1_8' title="bbox 565 3325 618 3386">
    <p class='ocr_par' dir='ltr' id='par_1_11' title="bbox 565 3325 618 3386">
     <span class='ocr_line' id='line_1_19' title="bbox 565 3325 618 3386; baseline 0.019 -1"><span class='ocrx_word' id='word_1_115' title='bbox 565 3325 618 3386; x_wconf 76' lang='grc' dir='ltr'><strong>Α4</strong></span> 
     </span>
    </p>
   </div>
   <div class='ocr_carea' id='block_1_9' title="bbox 1007 477 1027 548">
    <p class='ocr_par' dir='ltr' id='par_1_12' title="bbox 1007 477 1027 548">
     <span class='ocr_line' id='line_1_20' title="bbox 1007 477 1027 548; baseline 0 0"><span class='ocrx_word' id='word_1_116' title='bbox 1007 477 1027 548; x_wconf 85' lang='grc'><strong><em>7</em></strong></span> 
     </span>
    </p>
   </div>
   <div class='ocr_carea' id='block_1_10' title="bbox 0 0 1240 4140">
    <p class='ocr_par' dir='ltr' id='par_1_13' title="bbox 0 0 1240 4140">
     <span class='ocr_line' id='line_1_21' title="bbox 0 0 1240 4140; baseline 0 0"><span class='ocrx_word' id='word_1_117' title='bbox 0 0 1240 4140; x_wconf 95' lang='lat' dir='ltr'><strong> </strong></span> 
     </span>
    </p>
   </div>
  </div>
 </body>
</html>
